@book{Hemingway1952,
  title     = {Il Vecchio e il Mare},
  author    = {Hemingway, Ernest},
  year      = {1952},
  publisher = {Charles Scribner's Sons}
}

@article{SUMMA,
  author   = {Van De Geijn, R. A. and Watts, J.},
  title    = {SUMMA: scalable universal matrix multiplication algorithm},
  journal  = {Concurrency: Practice and Experience},
  volume   = {9},
  number   = {4},
  pages    = {255-274},
  abstract = {Abstract In the paper we give a straightforward, highly efficient, scalable implementation of common matrix multiplication operations. The algorithms are much simpler than previously published methods, yield better performance, and require less work space. MPI implementations are given, as are performance results on the Intel Paragon system. Â© 1997 by John Wiley \& Sons, Ltd.},
  year     = {1997}
}

@misc{nvidiaCUDAProgramming,
  title  = {CUDA C++ Programming Guide},
  author = {NVIDIA},
  note   = {\url{https://docs.nvidia.com/cuda/cuda-c-programming-guide/index.html\#concurrent-execution-host-device}}
}
